@book{evans1991measure,
  title={Measure theory and fine properties of functions},
  author={Evans, Lawrence Craig and Gariepy, Ronald F},
  volume={5},
  year={1991},
  publisher={CRC press}}

@book{david1991singular,
  title={Singular integrals and rectifiable sets in $\mathbb{R}^n$: Beyond Lipschitz
    Graphs},
  author={David, Guy and Semmes, Stephen},
  volume={193},
  year={1991},
  publisher={Soci{\'e}t{\'e} math{\'e}matique de France}}

@book{david1993analysis,
  title={Analysis of and on uniformly rectifiable sets},
  author={David, Guy and Semmes, Stephen},
  volume={38},
  year={1993},
  publisher={American Mathematical Soc.}}

@book{wheeden1977measure,
  title={Measure and integral: an introduction to real analysis},
  author={Wheeden, Richard and Wheeden, Richard L and Zygmund, Antoni},
  year={1977},
  publisher={CRC Press}}

@book{grafakos2008classical,
  title={Classical fourier analysis},
  author={Grafakos, Loukas},
  volume={249},
  year={2008},
  publisher={Springer}} 
